%% This BibTeX bibliography file was created using BibDesk.
%% http://bibdesk.sourceforge.net/


%% Created for Marius Brederlow at 2013-05-09 11:24:30 +0200 


%% Saved with string encoding Unicode (UTF-8) 



@book{HMF92,
	Address = {Oldenbourg},
	Author = {Hesse, W.},
	Description = {Band 5.3},
	Keywords = {Software-Entwicklung Defenititon},
	Publisher = {Test},
	Title = {Software-Entwicklung - Vorgehensmodelle, Projektf{\"u}hrung, Produktverwaltung Handbuch der Informatik},
	Year = {1992}}

@book{mamund,
	Author = {Mike Amundsen},
	Date-Modified = {2013-05-09 09:24:13 +0000},
	Publisher = {OReilly},
	Title = {Building Hypermedia APIs with HTML5 and Node},
	Year = {2012},
	Bdsk-Url-1 = {http://eclipse.org}}

@misc{phproject,
	Address = {http://www.phprojekt.com},
	Author = {Alli Mohammed},
	Howpublished = {Online},
	Title = {PHProjekt},
	Url = {http://www.phprojekt.com},
	Year = {2007},
	Bdsk-Url-1 = {http://www.phprojekt.com}}
